<record><leader>00000cas a2200000 a 4500</leader><controlfield tag="001">36376131</controlfield><controlfield tag="008">970212d19uu1912miudn n       0    0eng c</controlfield><datafield ind1=" " ind2=" " tag="010"><subfield code="a">sn 97063169 </subfield></datafield><datafield ind1=" " ind2=" " tag="040"><subfield code="a">MHN</subfield><subfield code="b">eng</subfield><subfield code="c">MHN</subfield><subfield code="d">OCL</subfield><subfield code="d">OCLCQ</subfield><subfield code="d">OCLCF</subfield><subfield code="d">OCLCO</subfield></datafield><datafield ind1=" " ind2=" " tag="042"><subfield code="a">pcc</subfield></datafield><datafield ind1=" " ind2=" " tag="043"><subfield code="a">n-us-mi</subfield></datafield><datafield ind1="0" ind2="4" tag="245"><subfield code="a">The daily commercial-hustler.</subfield></datafield><datafield ind1="1" ind2="7" tag="246"><subfield code="a">Daily commercial and hustler</subfield></datafield><datafield ind1=" " ind2=" " tag="260"><subfield code="a">Three Rivers, Mich. :</subfield><subfield code="b">Three Rivers Print. Co.</subfield></datafield><datafield ind1=" " ind2=" " tag="300"><subfield code="a">v.</subfield></datafield><datafield ind1=" " ind2=" " tag="310"><subfield code="a">Daily (except Sun.)</subfield></datafield><datafield ind1="0" ind2=" " tag="362"><subfield code="a">-v. 17, no. 47 (Feb. 25, 1911) ; 17th yr., no. 48 (Feb. 27, 1911)-18th yr., no. 89 (Apr. 12, 1912).</subfield></datafield><datafield ind1=" " ind2=" " tag="580"><subfield code="a">Formed by the union of: Three Rivers evening commercial, and: Daily hustler (Three Rivers, Mich.).</subfield></datafield><datafield ind1=" " ind2=" " tag="588"><subfield code="a">Description based on: Vol. 16, no. 204 (Aug. 27, 1910).</subfield></datafield><datafield ind1=" " ind2="0" tag="651"><subfield code="a">Three Rivers (Mich.)</subfield><subfield code="v">Newspapers.</subfield></datafield><datafield ind1=" " ind2="0" tag="651"><subfield code="a">Saint Joseph County (Mich.)</subfield><subfield code="v">Newspapers.</subfield></datafield><datafield ind1=" " ind2="7" tag="655"><subfield code="a">Newspapers.</subfield><subfield code="2">fast</subfield><subfield code="0">(OCoLC)fst01423814</subfield></datafield><datafield ind1=" " ind2="7" tag="651"><subfield code="a">Michigan</subfield><subfield code="z">Saint Joseph County.</subfield><subfield code="2">fast</subfield><subfield code="0">(OCoLC)fst01210520</subfield></datafield><datafield ind1=" " ind2="7" tag="651"><subfield code="a">Michigan</subfield><subfield code="z">Three Rivers.</subfield><subfield code="2">fast</subfield><subfield code="0">(OCoLC)fst01216372</subfield></datafield><datafield ind1=" " ind2=" " tag="752"><subfield code="a">United States</subfield><subfield code="b">Michigan</subfield><subfield code="c">Saint Joseph</subfield><subfield code="d">Three Rivers.</subfield></datafield><datafield ind1="1" ind2="4" tag="780"><subfield code="t">Three Rivers evening commercial</subfield><subfield code="w">(DLC)sn 97063171</subfield><subfield code="w">(OCoLC)36374686</subfield></datafield><datafield ind1="1" ind2="4" tag="780"><subfield code="t">Daily hustler (Three Rivers, Mich.)</subfield><subfield code="w">(DLC)sn 97063166</subfield><subfield code="w">(OCoLC)36375995</subfield></datafield><datafield ind1="0" ind2="0" tag="785"><subfield code="t">Daily commercial (Three Rivers, Mich.)</subfield><subfield code="w">(DLC)sn 97063172</subfield><subfield code="w">(OCoLC)36376500</subfield></datafield></record>